@book{wackerly2014estadistica,
  title={Estadística Matemática con Aplicaciones},
  author={Wackerly, Dennis D. and Mendenhall, William and Scheaffer, Richard L.},
  year={2014},
  publisher={Cengage Learning Editores},
  edition={7th edition},
  address={México},
  isbn={9786075228843},
}
